@article{Norman1985,
   author = {Michael L. Norman and Karl-Heinz A. Winkler},
   journal = {Los Alamos Science},
   pages = {39-71},
   title = {Supersonic Jets},
   year = {1985},
}
@misc{AMS2012,
   author = {{American Meteorological Society}},
   year = {2012},
   title = {Expansion Wave [Glossary]},
   note = { \url{https://glossary.ametsoc.org/wiki/Expansion_wave}}
}
@article{Zhao2019,
   author = {Yong Zhao and Xiaohui Su},
   doi = {10.1016/B978-0-12-814770-2.00002-7},
   isbn = {978-0-12-814770-2},
   journal = {Computational Fluid-Structure Interaction},
   month = {1},
   pages = {11-31},
   publisher = {Academic Press},
   title = {Mathematical Formulation for Preconditioned Compressible Flow Solver},
   year = {2019},
}
@misc{INL2024,
   author = {{Idaho National Laboratory}},
   year = {2023},
   title = {Serial Versus Parallel Programs},
   note = {\url{https://mooseframework.inl.gov/modules/porous_flow/numerical_diffusion.html}}
}
@article{Mao1992,
   author = {De Kang Mao},
   doi = {10.1016/0021-9991(92)90407-P},
   issn = {0021-9991},
   issue = {2},
   journal = {Journal of Computational Physics},
   month = {12},
   pages = {359-369},
   publisher = {Academic Press},
   title = {A treatment of discontinuities for finite difference methods},
   volume = {103},
   year = {1992},
}
@misc{Ullrich2010,
   author = {Paul Ullrich},
   title = {{The Art of Climate Modelling- Lectures on Numerical methods [Presentation Slides]}},
   year = {2010},
   note = {\url{https://climate.ucdavis.edu/education.php}}
}
@article{Zheng2021,
   author = {Feng Zheng and Chi Wang Shu and Jianxian Qiu},
   doi = {10.1016/J.JCP.2021.110597},
   issn = {0021-9991},
   journal = {Journal of Computational Physics},
   keywords = {Conservative method,Finite difference,Two-medium flows},
   month = {11},
   pages = {110597},
   publisher = {Academic Press},
   title = {A high order conservative finite difference scheme for compressible two-medium flows},
   volume = {445},
   year = {2021},
}
@article{Margolin2022,
   author = {L. G. Margolin and N. M. Lloyd-Ronning},
   month = {2},
   title = {Artificial Viscosity -- Then and Now},
   url = {http://arxiv.org/abs/2202.11084},
   year = {2022},
}
@article{Sod1978,
   author = {Gary A. Sod},
   issue = {1},
   journal = {Journal of Computational Physics},
   pages = {1-31},
   title = {A Survey of Several Finite Difference Methods for Systems of Nonlinear Hyperbolic Conservation Laws},
   volume = {27},
   year = {1978},
}


